
@Article{	  aharoni92arun-time,
  author	= {Gad Aharoni and Dror G. Feitelson and Amnon Barak},
  title		= {A Run-time Algorithm for Managing the Granularity of
		  Parallel Functional Programs},
  journal	= {Journal of Functional Programming},
  year		= {1992},
  volume	= {2},
  pages		= {387--405},
}

	@article{
barnes-hut,
	author = "Josh Barnes and Piet Hut",
	title = "A Hierarchical {$O(N \log{} N)$} Force Calculation Algorithm",
	journal = "Nature",
	volume = 324,
	year = 1986, month = dec,
	pages = "446-449"
	}


@InProceedings{	  BlellochParallelismFLs,
  title		= "Parallelism in Sequential Functional Languages",
  author	= "Guy E. Blelloch and John Greiner",
  booktitle	= "Proceedings of the Symposium on Functional Programming and
		  Computer Architecture",
  month		= jun,
  pages		= "226--237",
  year		= 1995,
  url		= {parallelism-in-sequential-langs.pdf}
}

@INPROCEEDINGS{Blelloch08provablygood,
    author = {Guy E. Blelloch and Rezaul A. Chowdhury and Phillip B. Gibbons and Vijaya Ramachandran and Shimin Chen and Michael Kozuch},
    title = {Provably good multicore cache performance for divide-and-conquer algorithms},
    booktitle = {In the Proceedings of the 19th ACM-SIAM Symposium on Discrete Algorithms},
    year = {2008},
    pages = {501--510}
}

@techreport{cray-mvmult,
	author = "Guy~E. Blelloch and Michael~A. Heroux and Marco Zagha",
	title = "Segmented Operations for Sparse Matrix Computation
		 on Vector Multiprocessors",
	institution = "School of Computer Science, Carnegie Mellon University",
	number = "CMU-CS-93-173",
	month = aug,
	year = 1993}

@inproceedings{Chen:2007:STC:1248377.1248396,
 author = {Chen, Shimin and Gibbons, Phillip B. and Kozuch, Michael and Liaskovitis, Vasileios and Ailamaki, Anastassia and Blelloch, Guy E. and Falsafi, Babak and Fix, Limor and Hardavellas, Nikos and Mowry, Todd C. and Wilkerson, Chris},
 title = {Scheduling threads for constructive cache sharing on CMPs},
 booktitle = {Proceedings of the nineteenth annual ACM symposium on Parallel algorithms and architectures},
 series = {SPAA '07},
 year = {2007},
 isbn = {978-1-59593-667-7},
 location = {San Diego, California, USA},
 pages = {105--115},
 numpages = {11},
 url = {http://doi.acm.org/10.1145/1248377.1248396},
 doi = {http://doi.acm.org/10.1145/1248377.1248396},
 acmid = {1248396},
 publisher = {ACM},
 address = {New York, NY, USA},
 keywords = {chip multiprocessors, constructive cache sharing, parallel depth first, scheduling algorithms, thread granularity, work stealing, working set profiling},
}

@article{BlumofeWorkStealing,
author = {R.D. Blumofe and C.E. Leiserson},
title = {Scheduling multithreaded computations by work stealing},
journal ={Annual IEEE Symposium on Foundations of Computer Science},
volume = {0},
isbn = {0-8186-6580-7},
year = {1994},
pages = {356-368},
doi = {http://doi.ieeecomputersociety.org/10.1109/SFCS.1994.365680},
publisher = {IEEE Computer Society},
address = {Los Alamitos, CA, USA},
}

	@inproceedings{
burton-work-stealing,
        author = {F. Warren Burton and M. Ronan Sleep },
        title = {Executing functional programs on a virtual tree of processors},
        booktitle = "Functional Programming Languages and
                                        Computer Architecture (FPCA '81)",
        year = 1981, month = {October},
        pages = {187-194},
	publisher = {ACM Press},
	address = {New York, New York, USA}
        }

        @inproceedings{
message-passing-ltc,
	author = {Feeley, Marc},
       title = {A Message Passing Implementation of Lazy Task Creation},
       booktitle = {Proceedings of the US/Japan Workshop on Parallel Symbolic Computing: Languages, Systems, and Applications},
       year = {1993},
       pages = {94--107},
       publisher = {Springer-Verlag},
       address = {London, UK},
       }

@inproceedings{FrensWiseAutoblockingDMM,
 author = {Frens, Jeremy D. and Wise, David S.},
 title = {Auto-blocking matrix-multiplication or tracking BLAS3 performance from source code},
 booktitle = {Proceedings of the sixth ACM SIGPLAN Symposium on Principles and practice of parallel programming},
 series = {PPOPP '97},
 year = {1997},
 isbn = {0-89791-906-8},
 location = {Las Vegas, Nevada, United States},
 pages = {206--216},
 numpages = {11},
 url = {http://doi.acm.org/10.1145/263764.263789},
 doi = {http://doi.acm.org/10.1145/263764.263789},
 acmid = {263789},
 publisher = {ACM},
 address = {New York, NY, USA},
 keywords = {cache misses, indexing, paging, quadtrees, storage management, swapping},
} 

       @article{
backtracking-based-load-balancing,
	author = {Hiraishi, Tasuku and Yasugi, Masahiro and Umatani, Seiji and Yuasa, Taiichi},
	title = {Backtracking-based load balancing},
	journal = "Proceedings of the 2009 {ACM} {SIGPLAN} Symposium on Principles \&
                                        Practice of Parallel Programming",
	month = {February},
	volume = {44},
	number = {4},
	year = {2009},
	issn = {0362-1340},
	pages = {55--64},
	doi = {http://doi.acm.org/10.1145/1594835.1504187},
	publisher = {ACM Press},
	address = {New York, New York, USA}
	}

	@inproceedings{
lazy-task-creation,
	author = {Eric Mohr and David A. Kranz and Robert H. {Halstead Jr.}},
	title = {Lazy task creation: a technique for increasing the granularity of parallel programs},
	booktitle = "Conference record of the 1990 {ACM} Conference on
					{Lisp} and Functional Programming",
	year = {1990}, month = {June},
	publisher = {ACM Press},
	address = {New York, New York, USA},
	pages = {185-197}
	}

@ARTICLE{Narlikar99space-efficientscheduling,
    author = {Girija J. Narlikar and Guy E. Blelloch},
    title = {Space-Efficient Scheduling of Nested Parallelism},
    journal = {ACM Transactions on Programming Languages and Systems},
    year = {1999},
    volume = {21}
}



@inproceedings{PeytonJonesHarnessingMulticores,
 author = {Simon {Peyton Jones} and Roman Leshchinskiy and Gabriele Keller and Manuel M. T. Chakravarty},
 title = {Harnessing the Multicores: Nested Data Parallelism in Haskell},
 booktitle = {Proceedings of the 6th Asian Symposium on Programming Languages and Systems},
 series = {APLAS '08},
 year = {2008},
 pages = {138--138},
 numpages = {1}
} 


	@phdthesis{
rainey:phd,
	author = "Mike Rainey",
	title = "Effective Scheduling Techniques for High-Level Parallel Programming Languages",
	year = 2010, month = {August},
	school = "University of Chicago"
	}
                  %	note = "Available from \url{http://manticore.cs.uchicago.edu}."


@inproceedings{SanchezADM,
 author = {Sanchez, Daniel and Yoo, Richard M. and Kozyrakis, Christos},
 title = {Flexible architectural support for fine-grain scheduling},
 booktitle = {Proceedings of the fifteenth edition of ASPLOS on Architectural support for programming languages and operating systems},
 series = {ASPLOS '10},
 year = {2010},
 isbn = {978-1-60558-839-1},
 location = {Pittsburgh, Pennsylvania, USA},
 pages = {311--322},
 numpages = {12},
 url = {http://doi.acm.org/10.1145/1736020.1736055},
 doi = {http://doi.acm.org/10.1145/1736020.1736055},
 acmid = {1736055},
 publisher = {ACM},
 address = {New York, NY, USA},
 keywords = {chip-multiprocessors, fine-grain scheduling, many-core, messaging, scheduling, work-stealing},
}

@incollection {springerlink:10.1007/3-540-44520-X_108,
   author = {Wise, David},
   affiliation = {Indiana University USA},
   title = {Ahnentafel Indexing into Morton-Ordered Arrays, or Matrix Locality for Free},
   booktitle = {Euro-Par 2000 Parallel Processing},
   series = {Lecture Notes in Computer Science},
   editor = {Bode, Arndt and Ludwig, Thomas and Karl, Wolfgang and Wism√ºller, Roland},
   publisher = {Springer Berlin / Heidelberg},
   isbn = {},
   pages = {774-783},
   volume = {1900},
   url = {http://dx.doi.org/10.1007/3-540-44520-X_108},
   note = {10.1007/3-540-44520-X_108},
   year = {2000}
}


@Manual{objective-caml,
   author = "Xavier Leroy and Damien Doligez and Jacques Garrigue and Didier R{\'e}my and J{\'e}r{\^o}me Vouillon",
   title = "The {Objective Caml} system",
   year = "2005",
   mon = oct,
}

@InProceedings{Hermenegildo-garcia-95,
  author =	"M. Hermenegildo and P. L{\'o}pez Garc{\'\i}a",
  title =	"Efficient Term Size Computation for Granularity
		 Control",
  pages =	"647--664",
  ISBN = 	"0-262-69177-9",
  editor =	"Leon Sterling",
  booktitle =	"Proceedings of the 12th International Conference on
		 Logic Programming",
  month =	jun # "~13--18",
  publisher =	"MIT Press",
  address =	"Cambridge",
  year = 	"1995",
}